
@book{UnderstandingDSP,
	title = {{Understanding Digital Signal Processing}},
	author = {Lyons, Richard},
	year = {2012},
	publisher = {Pearson}
}

@misc{aausat3,
	author = {AAUSATLAB},
	title = {{AAUSAT3}},
	howpublished = {\url{http://www.space.aau.dk/aausat3/}}
}

@misc{aausat3spacelink,
	title = {{Spacelink Format}},
	author = {AAUSATLAB},
	howpublished = {\url{http://www.space.aau.dk/aausat3/index.php?n=Ham.HAMAndRadioInfo}}
}

@manual{ad7262,
	title = {{1 MSPS, 12-Bit, Simultaneous Sampling SAR ADC with PGA and Four Comparators AD7262}},
	author = {{Analog Devices}}
}

@manual{adf7020,
	title = {{High Performance, ISM Band, FSK/ASK Transceiver IC}},
	author = {{Analog Devices}}
}

@manual{analog_bf_compiler_library_manual,
	title = {{C/C++ Compiler and Library Manual for Blackfin Processors}},
	author = {{Analog Devices}},
	howpublished = {\url{http://www.analog.com/en/processors-dsp/blackfin/products/manuals/resources/index.html}}
}

@manual{bf637ShortReference,
	title = {{Blackfin Embedded Processor ADSP-BF534/ADSP-BF536/ADSP-BF537}},
	author = {{Analog Devices}}
}

@misc{bfinUclinux,
	title = {{Analog Devices Open Source Projects}},
	author = {{Analog Devices}},
	howpublished = {\url{http://blackfin.uclinux.org}}
}

@book{gan2007embedded,
	title = {Embedded Signal Processing with the Micro Signal Architecture},
	author = {Gan, W.S. and Kuo, S.M.},
	isbn = {9780470112267},
	year = {2007},
	publisher = {Wiley}
}

@book{haykin2001communication,
	title = {{Communication Systems}},
	author = {Haykin, S.S. and Mosher, M.},
	isbn = {9780470169964},
	year = {2001},
	publisher = {John Wiley \& Sons, Limited}
}

@book{haykin2010communication,
	title = {{Communication Systems}},
	author = {Haykin, S.S. and Mosher, M.},
	isbn = {9780470169964},
	year = {2010},
	publisher = {John Wiley \& Sons, Limited}
}

@misc{kissfft,
	title = {{Kiss FFT}},
	author = {Mark Borgerding},
	howpublished = {\url{http://sourceforge.net/projects/kissfft/}}
}

@book{kuo2007real,
	title = {{Real-Time Digital Signal Processing: Implementations and Applications}},
	author = {Kuo, S.M. and Lee, B.H. and Tian, W.},
	isbn = {9780470035511},
	url = {http://books.google.dk/books?id=QIj9Pthp\_T8C},
	year = {2006},
	publisher = {Wiley}
}

@book{land_fleury_digital_modulation,
	title = {{Digital Modulation 1---Lecture Notes}},
	author = {Land, I. and Fleury, B.H.},
	year = {2007},
	publisher = {Aalborg University}
}

@book{lathi1998modern,
	author = {Lathi, B.P.},
	title = {{Modern Digital and Analog Communications Systems}},
	publisher = {{Oxford University Press, Incorporated}},
	year = {{1998}}
}

@misc{mxcom1998gmsk,
	author = {MX-COM Inc.},
	title = {{Practical GMSK Data Transmission, Application Note}},
	howpublished = {\url{http://sss-mag.com/pdf/gmsk_tut.pdf}}
}

@book{oppenheim2010discrete,
	title = {{Discrete-Time Signal Processing}},
	author = {Oppenheim, A.V. and Schafer, R.W.},
	year = {2010},
	publisher = {Pearson Education, Limited}
}

@book{proakis1996digital,
	title = {Digital signal processing: principles, algorithms, and applications},
	author = {Proakis, J.G. and Manolakis, D.G.},
	isbn = {9780133737622},
	lccn = {95009117},
	series = {Prentice-Hall International editions},
	url = {http://books.google.dk/books?id=sAcfAQAAIAAJ},
	year = {1996},
	publisher = {Prentice Hall}
}

@book{proakis2001digital,
	title = {{Digital Communications}},
	author = {Proakis, J.G.},
	isbn = {9780071181839},
	series = {McGraw-Hill Series in Electrical and Computer Engineering},
	year = {2001},
	publisher = {McGraw-Hill Education}
}

@book{rappaport2002wireless,
	title = {{Wireless Communications: Principles and Practice}},
	author = {Rappaport, T.S.},
	isbn = {9780130422323},
	series = {Prentice Hall communications engineering and emerging technologies series},
	year = {2002},
	publisher = {Prentice Hall PTR}
}

@book{ross2009introduction,
	title = {Introduction to Probability and Statistics for Engineers and Scientists},
	author = {Ross, S.M.},
	isbn = {9780080919379},
	year = {2009},
	publisher = {Elsevier Science}
}

@book{sklar2001digital,
	title = {{Digital Communications: Fundamentals and Applications}},
	author = {Sklar, B.},
	isbn = {9780130847881},
	series = {Prentice Hall Communications Engineering and Emerging Technologies Series},
	year = {2001},
	publisher = {Prentice-Hall PTR}
}

@book{su2002analog,
	title = {Analog Filters},
	author = {Su, K.L.},
	isbn = {9781402070334},
	lccn = {2002022211},
	url = {http://books.google.dk/books?id=o7V2Ums6jEEC},
	year = {2002},
	publisher = {Springer}
}

@techreport{tausen2013gmsk,
	author = {Tausen, M. and Bundgaard, J.W. and Trillingsgaard, T.},
	title = {{DSP-based GMSK demodulator for satellite AIS receiver}},
	institution = {Aalborg University},
	year = {2013},
	type = {Project Report}
}

@misc{turletti1996gmsk,
	title = {{GMSK in a nutshell}},
	author = {Turletti, T.},
	howpublished = {\url{http://www.scribd.com/doc/119126483/Gmsk}}
}

@misc{vinceStackoverflow,
	title = {{Continous angles in C++ (eq unwrap function in matlab)}},
	author = {Vince},
	howpublished = {\url{http://stackoverflow.com/questions/15634400/continous-angles-in-c-eq-unwrap-function-in-matlab}}
}

